@techreport{world2006air,
  title={WHO Air quality guidelines for particulate matter, ozone, nitrogen dioxide and sulfur dioxide: global update 2005: summary of risk assessment},
  author={World Health Organization and others},
  year={2006},
  institution={World Health Organization}
}
@article{porter2001ozone,
  title={Ozone air quality over North America: part II—an analysis of trend detection and attribution techniques},
  author={Porter, P Steven and Rao, S Trivikrama and Zurbenko, Igor G and Dunker, Alan M and Wolff, George T},
  journal={Journal of the Air \& Waste Management Association},
  volume={51},
  number={2},
  pages={283--306},
  year={2001},
  publisher={Taylor \& Francis}
}
@article{cattani2014analisi,
  title={Analisi dei trend dei principali inquinanti atmosferici in Italia 2003-2012},
  author={Cattani, G and Bernetti, A and Caricchia, AM and De Lauretis, R and De Marco, S and di Bucchianico, A Di Menno and Gaeta, A and Gandolfo, G and Taurino, E},
  journal={ISPRA, Rapporti},
  volume={203},
  pages={2014},
  year={2014}
}
@article{rao1994detecting,
  title={Detecting and tracking changes in ozone air quality},
  author={Rao, S Trivikrama and Zurbenko, Igor G},
  journal={Air \& waste},
  volume={44},
  number={9},
  pages={1089--1092},
  year={1994},
  publisher={Taylor \& Francis}
}
@article{libiseller2005meteorological,
  title={Meteorological normalisation and non-parametric smoothing for quality assessment and trend analysis of tropospheric ozone data},
  author={Libiseller, Claudia and Grimvall, Anders and Wald{\'e}n, Jari and Saari, Helena},
  journal={Environmental monitoring and assessment},
  volume={100},
  number={1-3},
  pages={33--52},
  year={2005},
  publisher={Springer}
}
@book{pbl2010trends,
  title={Trends in Particulate Matter},
  author={PBL Netherlands Environmental Assessment Agency and Hoogerbrugge, R and van der Gon, HAC Denier and van Zanten, MC and Matthijsen, J},
  year={2010},
  publisher={PBL Netherlands Environmental Assessment Agency}
}
@article{breiman2001random,
  title={Random forests},
  author={Breiman, Leo},
  journal={Machine learning},
  volume={45},
  number={1},
  pages={5--32},
  year={2001},
  publisher={Springer}
}
@article{dina2009concentrazione,
  title={Concentrazione  di  materiale  particellare PM10 e PM2,5 in area urbana: l’influenza di alcuni parametri meteorologici},
  author={Dina, D and Inglessis, M and Notaro, C and Settimo, G and Viviano, G},
  journal={Environment including global change},
  year={2009}
}
@book{stull2012introduction,
  title={An introduction to boundary layer meteorology},
  author={Stull, Roland B},
  volume={13},
  year={2012},
  publisher={Springer Science \& Business Media}
}
@report{arpa2018rapporto,
  title={Rapporto sulla qualità dell'aria della Città Metropolitana di Milano},
  year={2018},
  author={ARPA Lombardia},
  institution={ARPA Lombardia}
}
@article{inemar2017,
  title={Inventario Emissioni in Atmosfera: emissioni in regione Lombardia nell'anno 2017 – revisione pubblica},
  author={{INEMAR - ARPA Lombardia}},
  journal={INEMAR},
  year={2020}
}
@online{iir2020,
  author = {ISPRA},
  title = {Italian Emission Inventary 2020},
  year = 2020,
  url = {http://www.sinanet.isprambiente.it/it/sia-ispra/serie-storiche-emissioni/informative-inventory-report/view},
  urldate = {2020-01-01}
}
