@article{breiman2001random,
  title={Random forests},
  author={Breiman, Leo},
  journal={Machine learning},
  volume={45},
  number={1},
  pages={5--32},
  year={2001},
  publisher={Springer}
}
@article{scikit-learn,
 title={Scikit-learn: Machine Learning in {P}ython},
 author={Pedregosa, F. and Varoquaux, G. and Gramfort, A. and Michel, V.
         and Thirion, B. and Grisel, O. and Blondel, M. and Prettenhofer, P.
         and Weiss, R. and Dubourg, V. and Vanderplas, J. and Passos, A. and
         Cournapeau, D. and Brucher, M. and Perrot, M. and Duchesnay, E.},
 journal={Journal of Machine Learning Research},
 volume={12},
 pages={2825--2830},
 year={2011}
} 
@conference{Kluyver2016jupyter,
Title = {Jupyter Notebooks -- a publishing format for reproducible computational workflows},
Author = {Thomas Kluyver and Benjamin Ragan-Kelley and Fernando P{\'e}rez and Brian Granger and Matthias Bussonnier and Jonathan Frederic and Kyle Kelley and Jessica Hamrick and Jason Grout and Sylvain Corlay and Paul Ivanov and Dami{\'a}n Avila and Safia Abdalla and Carol Willing},
Booktitle = {Positioning and Power in Academic Publishing: Players, Agents and Agendas},
Editor = {F. Loizides and B. Schmidt},
Organization = {IOS Press},
Pages = {87 - 90},
Year = {2016}
} 
@report{attitudes2019,
  title={Attitudes of Europeans towards Air Quality},
  author={European Commission: DG Environment and Kantar},
  year={2019},
  ISBN={978-92-76-10166-6}
}
@online{iir2020,
  author = {ISPRA},
  title = {Italian Emission Inventary 2020},
  year = 2020,
  url = {http://www.sinanet.isprambiente.it/it/sia-ispra/serie-storiche-emissioni/informative-inventory-report/view},
  urldate = {2020-01-01}
}
