@article{cattani2014analisi,
  title={Analisi dei trend dei principali inquinanti atmosferici in Italia 2003-2012},
  author={Cattani, G and Bernetti, A and Caricchia, AM and De Lauretis, R and De Marco, S and di Bucchianico, A Di Menno and Gaeta, A and Gandolfo, G and Taurino, E},
  journal={ISPRA, Rapporti},
  volume={203},
  pages={2014},
  year={2014}
}
@online{arpaCovid,
  author = {ARPALombardia},
  title = {Analisi preliminare sulla qualit√† dell'aria durante l'epidemia COVID-19},
  year = 2020,
  url = {https://www.arpalombardia.it/sites/DocumentCenter/Documents/Aria%20-%20Relazioni%20approfondimento/Analisi%20preliminare%20QA-COVID19.pdf},
  urldate = {2020-02-04}
}
@online{iir2020,
  author = {ISPRA},
  title = {Italian Emission Inventary 2020},
  year = 2020,
  url = {http://www.sinanet.isprambiente.it/it/sia-ispra/serie-storiche-emissioni/informative-inventory-report/view},
  urldate = {2020-01-01}
}

